<?xml version="1.0" encoding="UTF-8"?>
<record xmlns="http://www.loc.gov/MARC21/slim">
   <leader>01789cam a2200385 a 4500</leader>
   <controlfield tag="001">1171163</controlfield>
   <controlfield tag="003">NjP</controlfield>
   <controlfield tag="005">20170605130810.0</controlfield>
   <controlfield tag="008">970903s1988    ir            000 0 ara d</controlfield>
   <datafield tag="024" ind1="7" ind2=" ">
      <subfield code="a">princeton_aco003397</subfield>
      <subfield code="2">local</subfield>
   </datafield>
   <datafield ind1=" " ind2=" " tag="035">
      <subfield code="a">(OCoLC)ocn176793615</subfield>
   </datafield>
   <datafield ind1=" " ind2=" " tag="035">
      <subfield code="a">(OCoLC)37635646</subfield>
   </datafield>
   <datafield ind1=" " ind2=" " tag="040">
      <subfield code="a">NjP</subfield>
      <subfield code="c">PUL</subfield>
      <subfield code="d">PUL</subfield>
   </datafield>
   <datafield ind1=" " ind2=" " tag="035">
      <subfield code="a">(OCoLC)176793615</subfield>
   </datafield>
   <datafield ind1=" " ind2=" " tag="035">
      <subfield code="a">(CStRLIN)NJPG97-B50105</subfield>
   </datafield>
   <datafield ind1=" " ind2=" " tag="035">
      <subfield code="9">CCS3137TS</subfield>
   </datafield>
   <datafield ind1=" " ind2=" " tag="035">
      <subfield code="a">(NjP)1171163</subfield>
   </datafield>
   <datafield ind1=" " ind2=" " tag="079">
      <subfield code="a">ocm37635646</subfield>
   </datafield>
   <datafield ind1=" " ind2=" " tag="049">
      <subfield code="a">PULL</subfield>
   </datafield>
   <datafield ind1="2" ind2=" " tag="110">
      <subfield code="6">880-01</subfield>
      <subfield code="a">Bunyād-i Biʻs̲at.</subfield>
      <subfield code="b">Qism al-Dirāsāt al-Islāmīyah.</subfield>
      <subfield code="0">http://id.loc.gov/authorities/names/nr96010843</subfield>
   </datafield>
   <datafield ind1="1" ind2="3" tag="245">
      <subfield code="6">880-02</subfield>
      <subfield code="a">al-Munīr, fihris kitāb al-Ghadīr /</subfield>
      <subfield code="c">Qism al-Dirāsāt al-Islāmīyah.</subfield>
   </datafield>
   <datafield ind1="1" ind2="0" tag="246">
      <subfield code="6">880-03</subfield>
      <subfield code="a">Fihris kitāb al-Ghadīr</subfield>
   </datafield>
   <datafield ind1=" " ind2=" " tag="260">
      <subfield code="6">880-04</subfield>
      <subfield code="a">Ṭihrān ;</subfield>
      <subfield code="a">Mashhad :</subfield>
      <subfield code="b">Qism al-Dirāsāt al-Islāmīyah li-Muʼassasat al-Biʻthah,</subfield>
      <subfield code="c">1409 [1988 or 1989]</subfield>
   </datafield>
   <datafield ind1=" " ind2=" " tag="300">
      <subfield code="a">624 p. ;</subfield>
      <subfield code="c">25 cm.</subfield>
   </datafield>
   <datafield ind1="1" ind2="0" tag="600">
      <subfield code="6">880-05</subfield>
      <subfield code="a">Amīnī, ʻAbd al-Ḥusayn Aḥmad.</subfield>
      <subfield code="t">Ghadīr fī al-Kitāb wa-al-sunnah wa-al-adab</subfield>
      <subfield code="x">Indexes.</subfield>
   </datafield>
   <datafield ind1=" " ind2="0" tag="650">
      <subfield code="a">Ghadīr</subfield>
      <subfield code="x">Indexes.</subfield>
   </datafield>
   <datafield ind1=" " ind2="0" tag="650">
      <subfield code="a">Shīʻah</subfield>
      <subfield code="x">Doctrines</subfield>
      <subfield code="x">Indexes.</subfield>
   </datafield>
   <datafield ind1="2" ind2=" " tag="880">
      <subfield code="6">110-01/r</subfield>
      <subfield code="a">بنيادا بعöسة.</subfield>
      <subfield code="b">قسم الدراسات الاسلامية.</subfield>
   </datafield>
   <datafield ind1="1" ind2="2" tag="880">
      <subfield code="6">245-02/r</subfield>
      <subfield code="a">المنير، فهرس كتاب الغدير /</subfield>
      <subfield code="c">قسم الدراسات الاسلامية.</subfield>
   </datafield>
   <datafield ind1="1" ind2="0" tag="880">
      <subfield code="6">246-03/r</subfield>
      <subfield code="a">فهرس كتاب الغدير</subfield>
   </datafield>
   <datafield ind1=" " ind2=" " tag="880">
      <subfield code="6">260-04/r</subfield>
      <subfield code="a">طهران ؛</subfield>
      <subfield code="a">مشهد :</subfield>
      <subfield code="b">قسم الدراسات الاسلامية لمؤسسة البعثة،</subfield>
      <subfield code="c">1409 [1988 or 1989]</subfield>
   </datafield>
   <datafield ind1="1" ind2="0" tag="880">
      <subfield code="6">600-05/r</subfield>
      <subfield code="a">اميني، عبد الحسين احمد.</subfield>
      <subfield code="t">غدير في الكتاب والسنة والادب</subfield>
      <subfield code="x">اندxس.</subfield>
   </datafield>
   <datafield ind1=" " ind2=" " tag="998">
      <subfield code="a">09/03/97</subfield>
      <subfield code="s">9114</subfield>
      <subfield code="n">NjP</subfield>
      <subfield code="d">09/03/97</subfield>
      <subfield code="c">KC</subfield>
      <subfield code="b">KC</subfield>
      <subfield code="i">970903</subfield>
      <subfield code="l">NJPG</subfield>
   </datafield>
   <datafield ind1=" " ind2=" " tag="911">
      <subfield code="a">19970912</subfield>
   </datafield>
   <datafield ind1=" " ind2=" " tag="912">
      <subfield code="a">19970903000000.0</subfield>
   </datafield>
   <datafield ind1=" " ind2=" " tag="994">
      <subfield code="a">C0</subfield>
      <subfield code="b">PUL</subfield>
   </datafield>
   <datafield ind1=" " ind2=" " tag="999">
      <subfield code="a">1171163</subfield>
   </datafield>
   <datafield ind1="0" ind2="0" tag="852">
      <subfield code="0">1340303</subfield>
      <subfield code="b">rcppa</subfield>
      <subfield code="t">1</subfield>
      <subfield code="h">BP194</subfield>
      <subfield code="i">.B869 1988</subfield>
      <subfield code="x">tr fr arab</subfield>
   </datafield>
   <datafield ind1=" " ind2=" " tag="959">
      <subfield code="a">2000-06-13 00:00:00 -0400</subfield>
   </datafield>
</record>
